@misc{baldini2017serverless,
      title={Serverless Computing: Current Trends and Open Problems}, 
      author={Ioana Baldini and Paul Castro and Kerry Chang and Perry Cheng and Stephen Fink and Vatche Ishakian and Nick Mitchell and Vinod Muthusamy and Rodric Rabbah and Aleksander Slominski and Philippe Suter},
      year={2017},
      eprint={1706.03178},
      archivePrefix={arXiv},
      primaryClass={cs.DC}
}
@article{marin2022serverless,
  title={Serverless computing: a security perspective},
  author={Marin, E. and Perino, D. and Di Pietro, R.},
  journal={Journal of Cloud Computing},
  volume={11},
  pages={69},
  year={2022},
  publisher={Springer},
  doi={10.1186/s13677-022-00347-w},
  url={https://doi.org/10.1186/s13677-022-00347-w}
}
@misc{snyk2023security,
  author = {{Snyk}},
  title = {2023 Open Security Report},
  year = {2023},
  howpublished = {\url{https://go.snyk.io/state-of-open-source-security-report-2023-dwn-typ.html}},
  note = {Accessed: 2024-04-02}
}
@article{buckholz2018serverless,
  author={Glenn Buckholz},
  title={The Pros and Cons of a Serverless DevOps Solution},
  journal={AgileConnection},
  year={2018},
  month={April},
  day={11},
  url={https://www.agileconnection.com/article/pros-and-cons-serverless-devops-solution},
  note={Accessed: 2024-04-02}
}
@misc{benischke2023updates,
  author={Gerald Benischke},
  title={The Case Against Automatic Dependency Updates},
  year={2023},
  howpublished={\url{https://beny23.github.io/posts/automatic_dependency_updates/}},
  note = {Accessed: 2024-04-02}
 }
@book{kavis2014cloud,
  author={Michael J. Kavis},
  title={Architecting the Cloud: Design Decisions for Cloud Computing Service Models (SaaS, PaaS, and Iaas)},
  publisher={Wiley},
  year={2014},
  isbn={978-1-118-61761-8},
  pages={224},
  month={January}
}
@book{roberts2020lambda,
  author={Mike Roberts and John Chapin},
  title={Programming AWS Lambda: Build and Deploy Serverless Applications with Java},
  publisher={O'Reilly Media},
  year={2020},
  edition={1},
  month={April},
  isbn={978-1492041054},
  pages={275},
  language={English}
}
@inproceedings{villamizar2015evaluating,
author = {Villamizar, Mario and Garc√©s, Oscar and Castro, Harold and Verano Merino, Mauricio and Salamanca, Lorena and Casallas, Rubby and Gil, Santiago},
year = {2015},
month = {10},
pages = {},
title = {Evaluating the monolithic and the microservice architecture pattern to deploy web applications in the cloud},
doi = {10.1109/ColumbianCC.2015.7333476}
}